<?xml version="1.0" encoding="UTF-8"?><collection xmlns="http://www.loc.gov/MARC21/slim"><record><leader>00431nam--2200169-i-4500</leader><controlfield tag="001">000027298</controlfield><controlfield tag="002">20161230</controlfield><controlfield tag="005">20170108231237</controlfield><controlfield tag="008">060222s1000------------r-----000-0-eng-d</controlfield><datafield ind1=" " ind2=" " tag="040"><subfield code="a">IFIN-HH</subfield></datafield><datafield ind1=" " ind2=" " tag="080"><subfield code="a">523.4</subfield></datafield><datafield ind1="1" ind2=" " tag="100"><subfield code="a">Kopal, Zdenek</subfield></datafield><datafield ind1="1" ind2="0" tag="245"><subfield code="a">Vesmirni sousede nasi planety</subfield><subfield code="c">Zdenek kopal</subfield></datafield><datafield ind1=" " ind2=" " tag="260"><subfield code="a">Praha</subfield><subfield code="b">Cekoslovenska Akademie Ved</subfield><subfield code="c">c. 1987</subfield></datafield><datafield ind1=" " ind2=" " tag="300"><subfield code="a">232 p</subfield></datafield><datafield ind1=" " ind2=" " tag="852"><subfield code="a">74231</subfield><subfield code="c">523</subfield></datafield><datafield ind1=" " ind2=" " tag="CAT"><subfield code="a">SYS</subfield><subfield code="c">20170108</subfield><subfield code="h">231237</subfield></datafield></record></collection>